@article{nesterov1998,
  author = {Y. E. Nesterov and M. J. Todd},
  title = {Primal-dual interior-point methods for self-scaled cones},
  journal = {SIAM Journal on Optimization},
  volume = {8},
  number = {2},
  pages = {324--364},
  year = {1998}
}

@article{tsionas2023,
  author = {M. G. Tsionas and D. Philippas},
  title = {Measures of global sensitivity in linear \\ programming: Applications in banking sector},
  journal = {Annals of Operations Research},
  volume = {330},
  number = {1},
  pages = {585--607},
  year = {2023}
}

@book{ficken2015,
  author = {F. A. Ficken},
  title = {The simplex method of linear programming},
  publisher = {Courier Dover \\ Publications},
  year = {2015}
}

@article{dantzig2002,
  author = {G. B. Dantzig},
  title = {Linear programming},
  journal = {Operations Research},
  volume = {50},
  number = {1},
  pages = {42--47},
  year = {2002}
}

@article{floudas2005,
  author = {C. A. Floudas and X. Lin},
  title = {Mixed integer linear programming in process scheduling: Modeling, algorithms, and applications},
  journal = {Annals of Operations Research},
  volume = {139},
  pages = {131--162},
  year = {2005}
}

@inproceedings{karmarkar1984,
  author = {N. Karmarkar},
  title = {A new polynomial-time algorithm for linear programming},
  booktitle = {Proceedings of the sixteenth annual ACM symposium on Theory of computing},
  pages = {302--311},
  year = {1984}
}

@book{nesterov1994,
  author = {Y. Nesterov and A. Nemirovskii},
  title = {Interior-point polynomial algorithms in convex programming},
  publisher = {SIAM},
  year = {1994}
}

@article{renegar1988,
  author = {J. Renegar},
  title = {A polynomial-time algorithm, based on Newtonâ€™s method, for linear programming},
  journal = {Mathematical Programming},
  volume = {40},
  number = {1},
  pages = {59--93},
  year = {1988}
}

